<record><leader>00000cas a2200000 a 4500</leader><controlfield tag="001">12185732</controlfield><controlfield tag="008">850621d18811887ksuwr ne      0    0eng d</controlfield><datafield ind1=" " ind2=" " tag="010"><subfield code="a">sn 85029340 </subfield></datafield><datafield ind1=" " ind2=" " tag="040"><subfield code="a">KSH</subfield><subfield code="b">eng</subfield><subfield code="c">KSH</subfield><subfield code="d">NPT</subfield><subfield code="d">OCL</subfield><subfield code="d">OCLCQ</subfield></datafield><datafield ind1=" " ind2=" " tag="042"><subfield code="a">msc</subfield></datafield><datafield ind1="0" ind2=" " tag="130"><subfield code="a">Osage County democrat (Burlingame, Kan. : 1881)</subfield></datafield><datafield ind1="1" ind2="0" tag="245"><subfield code="a">Osage County democrat.</subfield></datafield><datafield ind1=" " ind2=" " tag="260"><subfield code="a">Burlingame, Kan. :</subfield><subfield code="b">Mayberry &amp; McCaslin,</subfield><subfield code="c">1881-1887.</subfield></datafield><datafield ind1=" " ind2=" " tag="300"><subfield code="a">6 v. ;</subfield><subfield code="c">64 cm.</subfield></datafield><datafield ind1=" " ind2=" " tag="310"><subfield code="a">Weekly</subfield></datafield><datafield ind1="0" ind2=" " tag="362"><subfield code="a">Vol. 1, no. 1 (Nov. 2, 1881)-v. 6, no. 8 (Jan. 29, 1887).</subfield></datafield><datafield ind1=" " ind2=" " tag="500"><subfield code="a">Published at Osage City, Kan., May 15, 1886-Jan. 29, 1887.</subfield></datafield><datafield ind1=" " ind2=" " tag="500"><subfield code="a">Publisher varies.</subfield></datafield><datafield ind1=" " ind2=" " tag="752"><subfield code="a">United States</subfield><subfield code="b">Kansas</subfield><subfield code="c">Osage</subfield><subfield code="d">Burlingame.</subfield></datafield><datafield ind1=" " ind2=" " tag="752"><subfield code="a">United States</subfield><subfield code="b">Kansas</subfield><subfield code="c">Osage</subfield><subfield code="d">Osage City.</subfield></datafield><datafield ind1="0" ind2="0" tag="785"><subfield code="t">Kansas people</subfield><subfield code="w">(DLC)sn 85029342</subfield></datafield></record>